<?xml version = "1.0" encoding = "UTF-8"?><record>
  <leader>01103naa#a2200289#c#4500</leader>
  <controlfield tag="005">20210409122921.0</controlfield>
  <controlfield tag="007">tu</controlfield>
  <controlfield tag="008">150813|2006####gw############|||#|#ger#c</controlfield>
  <controlfield tag="003">DE-605</controlfield>
  <controlfield tag="001">990208853530206441</controlfield>
  <datafield tag="035" ind1=" " ind2=" ">
    <subfield code="a">(DE-605)HT018726005</subfield>
  </datafield>
  <datafield tag="040" ind1=" " ind2=" ">
    <subfield code="a">61</subfield>
    <subfield code="b">ger</subfield>
    <subfield code="e">rakwb</subfield>
  </datafield>
  <datafield tag="041" ind1=" " ind2=" ">
    <subfield code="a">ger</subfield>
  </datafield>
  <datafield tag="044" ind1=" " ind2=" ">
    <subfield code="c">XA-DE</subfield>
  </datafield>
  <datafield tag="084" ind1=" " ind2=" ">
    <subfield code="a">Bielefeld</subfield>
    <subfield code="0">https://nwbib.de/spatial#Q2112</subfield>
    <subfield code="2">nwbib</subfield>
  </datafield>
  <datafield tag="084" ind1=" " ind2=" ">
    <subfield code="a">Schauspieler</subfield>
    <subfield code="0">https://nwbib.de/subjects#N802080</subfield>
    <subfield code="2">nwbib</subfield>
  </datafield>
  <datafield tag="100" ind1="1" ind2=" ">
    <subfield code="a">Hoff, Hans</subfield>
    <subfield code="0">(DE-588)137538766</subfield>
    <subfield code="4">aut</subfield>
    <subfield code="0">(uri) https://portal.dnb.de/opac.htm?method=simpleSearch&amp;cqlMode=true&amp;query=idn=137538766</subfield>
    <subfield code="0">(uri) http://viaf.org/viaf/sourceID/DNB|137538766</subfield>
    <subfield code="B">GND-137538766</subfield>
  </datafield>
  <datafield tag="245" ind1="1" ind2="0">
    <subfield code="a">&lt;&lt;Eine&gt;&gt; Marke sucht ihren Platz</subfield>
    <subfield code="b">die Parallelwelten des Ingolf L&#252;ck</subfield>
    <subfield code="c">Text: Hans Hoff</subfield>
  </datafield>
  <datafield tag="264" ind1=" " ind2="1">
    <subfield code="c">2006</subfield>
  </datafield>
  <datafield tag="689" ind1="0" ind2="0">
    <subfield code="a">L&#252;ck, Ingolf</subfield>
    <subfield code="d">1958-</subfield>
    <subfield code="D">p</subfield>
    <subfield code="0">(DE-588)128989459</subfield>
    <subfield code="0">(uri) https://portal.dnb.de/opac.htm?method=simpleSearch&amp;cqlMode=true&amp;query=idn=128989459</subfield>
    <subfield code="0">(uri) http://viaf.org/viaf/sourceID/DNB|128989459</subfield>
    <subfield code="B">GND-128989459</subfield>
  </datafield>
  <datafield tag="773" ind1="0" ind2="8">
    <subfield code="i">Enthalten in</subfield>
    <subfield code="t">K.West</subfield>
    <subfield code="d">Essen</subfield>
    <subfield code="g">2006,1, S. 12-14 : Ill.</subfield>
    <subfield code="w">(DE-605)HT013878511</subfield>
  </datafield>
  <datafield tag="856" ind1="4" ind2=" ">
    <subfield code="u">http://www.bibliothek.uni-regensburg.de/ezeit/?2655603</subfield>
    <subfield code="x">Online-Ausgabe der Zeitschrift ist &#252;ber die EZB (Elektronische Zeitschriftenbibliothek) verf&#252;gbar</subfield>
  </datafield>
  <datafield tag="960" ind1="1" ind2=" ">
    <subfield code="n">NWBib-61</subfield>
  </datafield>
  <datafield tag="964" ind1="0" ind2="s">
    <subfield code="F">030</subfield>
    <subfield code="A">a|1uc||||||17</subfield>
  </datafield>
  <datafield tag="964" ind1="0" ind2="s">
    <subfield code="F">050</subfield>
    <subfield code="A">a|||||||||||||</subfield>
  </datafield>
  <datafield tag="964" ind1="0" ind2="s">
    <subfield code="F">051</subfield>
    <subfield code="A">at||||||</subfield>
  </datafield>
  <datafield tag="035" ind1=" " ind2=" ">
    <subfield code="a">(DE-599)HBZHT018726005</subfield>
  </datafield>
  <datafield tag="MBD" ind1=" " ind2=" ">
    <subfield code="M">49HBZ_NETWORK</subfield>
    <subfield code="i">990208853530206441</subfield>
    <subfield code="n">HBZ Network</subfield>
  </datafield>
  <datafield tag="MNG" ind1=" " ind2=" ">
    <subfield code="c">System</subfield>
    <subfield code="f">ILS</subfield>
    <subfield code="i">marc21</subfield>
    <subfield code="k">01</subfield>
    <subfield code="e">false</subfield>
    <subfield code="d">2021-04-09 12:29:21 Europe/Berlin</subfield>
    <subfield code="g">020885353-HBZ01</subfield>
    <subfield code="j">60</subfield>
    <subfield code="a">import</subfield>
    <subfield code="b">2021-04-05 07:49:27 Europe/Berlin</subfield>
  </datafield>
  <datafield tag="GSI" ind1="7" ind2=" ">
    <subfield code="a">128989459</subfield>
    <subfield code="0">http://d-nb.info/gnd/128989459</subfield>
    <subfield code="2">gnd</subfield>
    <subfield code="A">GND</subfield>
    <subfield code="B">GND-128989459</subfield>
    <subfield code="C">024</subfield>
  </datafield>
  <datafield tag="GSI" ind1="7" ind2=" ">
    <subfield code="a">http://d-nb.info/gnd/137538766</subfield>
    <subfield code="2">uri</subfield>
    <subfield code="A">GND</subfield>
    <subfield code="B">GND-137538766</subfield>
    <subfield code="C">024</subfield>
  </datafield>
</record>